<record><leader>00000cas a2200000 a 4500</leader><controlfield tag="001">10168988</controlfield><controlfield tag="008">831129d18591861utuwr ne      0   a0eng c</controlfield><datafield ind1=" " ind2=" " tag="010"><subfield code="a">sn 83021447 </subfield></datafield><datafield ind1=" " ind2=" " tag="040"><subfield code="a">NPX</subfield><subfield code="b">eng</subfield><subfield code="c">NPX</subfield><subfield code="d">UNP</subfield><subfield code="d">CNK</subfield><subfield code="d">CVF</subfield><subfield code="d">OCL</subfield><subfield code="d">CVF</subfield><subfield code="d">KRTAS</subfield><subfield code="d">DLC</subfield><subfield code="d">OCLCQ</subfield><subfield code="d">OCLCF</subfield></datafield><datafield ind1=" " ind2=" " tag="012"><subfield code="l">a</subfield></datafield><datafield ind1="0" ind2=" " tag="022"><subfield code="a">2163-7091</subfield><subfield code="2">1</subfield></datafield><datafield ind1=" " ind2=" " tag="042"><subfield code="a">pcc</subfield><subfield code="a">nsdp</subfield></datafield><datafield ind1=" " ind2=" " tag="043"><subfield code="a">n-us-ut</subfield></datafield><datafield ind1="0" ind2="0" tag="050"><subfield code="a">Newspaper</subfield></datafield><datafield ind1="1" ind2="0" tag="082"><subfield code="a">070</subfield><subfield code="2">14</subfield></datafield><datafield ind1="0" ind2=" " tag="130"><subfield code="a">Mountaineer (Salt Lake City, Utah)</subfield></datafield><datafield ind1=" " ind2="4" tag="222"><subfield code="a">The Mountaineer</subfield><subfield code="b">(Salt Lake City, Utah)</subfield></datafield><datafield ind1="1" ind2="4" tag="245"><subfield code="a">The Mountaineer.</subfield></datafield><datafield ind1=" " ind2=" " tag="260"><subfield code="a">Great Salt Lake City [Utah :</subfield><subfield code="b">Blair, Ferguson &amp; Stout],</subfield><subfield code="c">1859-</subfield></datafield><datafield ind1=" " ind2=" " tag="300"><subfield code="a">v. ;</subfield><subfield code="c">56 cm.</subfield></datafield><datafield ind1=" " ind2=" " tag="310"><subfield code="a">Weekly</subfield></datafield><datafield ind1="0" ind2=" " tag="362"><subfield code="a">Vol. 1, no. 1 (Aug. 27, 1859)-</subfield></datafield><datafield ind1="1" ind2=" " tag="362"><subfield code="a">Ceased in 1861.</subfield></datafield><datafield ind1=" " ind2=" " tag="500"><subfield code="a">"Its principle purpose will be to act as the political organ of Brigham Young, and the Saints generally."</subfield></datafield><datafield ind1=" " ind2=" " tag="500"><subfield code="a">Publishers: Blair &amp; Ferguson, Sept. 17, 1859-July 14, 1860; J. Ferguson, July 21, 1860-&lt;1861&gt;.</subfield></datafield><datafield ind1=" " ind2=" " tag="500"><subfield code="a">Weekly supplements issued during suspension.</subfield></datafield><datafield ind1=" " ind2=" " tag="500"><subfield code="a">Editors: S.M. Blair, 1859-1860; J. Ferguson, 1859-&lt;1861&gt;; H. Stout, 1859.</subfield></datafield><datafield ind1=" " ind2=" " tag="515"><subfield code="a">Suspended Aug. 25-Sept. 29, 1860.</subfield></datafield><datafield ind1=" " ind2=" " tag="515"><subfield code="a">Extras issued on: May 26, 1860, June 2, 1860, Jan. 14, 1861, Jan. 22, 1861.</subfield></datafield><datafield ind1=" " ind2=" " tag="530"><subfield code="a">Archived issues are available in digital format as part of the Library of Congress Chronicling America online collection.</subfield></datafield><datafield ind1=" " ind2=" " tag="588"><subfield code="a">Latest issue consulted: No. 42 (July 20, 1861).</subfield></datafield><datafield ind1=" " ind2="0" tag="650"><subfield code="a">Mormons</subfield><subfield code="z">Utah</subfield><subfield code="v">Newspapers.</subfield></datafield><datafield ind1=" " ind2="0" tag="651"><subfield code="a">Salt Lake City (Utah)</subfield><subfield code="v">Newspapers.</subfield></datafield><datafield ind1=" " ind2="7" tag="655"><subfield code="a">Newspapers.</subfield><subfield code="2">fast</subfield><subfield code="0">(OCoLC)fst01423814</subfield></datafield><datafield ind1=" " ind2="7" tag="650"><subfield code="a">Mormons.</subfield><subfield code="2">fast</subfield><subfield code="0">(OCoLC)fst01026314</subfield></datafield><datafield ind1=" " ind2="7" tag="651"><subfield code="a">Utah.</subfield><subfield code="2">fast</subfield><subfield code="0">(OCoLC)fst01204563</subfield></datafield><datafield ind1=" " ind2="7" tag="651"><subfield code="a">Utah</subfield><subfield code="z">Salt Lake City.</subfield><subfield code="2">fast</subfield><subfield code="0">(OCoLC)fst01205314</subfield></datafield><datafield ind1=" " ind2=" " tag="752"><subfield code="a">United States</subfield><subfield code="b">Utah</subfield><subfield code="c">Salt Lake</subfield><subfield code="d">Salt Lake City.</subfield></datafield><datafield ind1="4" ind2="1" tag="856"><subfield code="u">http://www.loc.gov/chroniclingamerica/lccn/sn83021447/issues</subfield></datafield><datafield ind1=" " ind2=" " tag="938"><subfield code="a">Kirtas Technologies, Inc.</subfield><subfield code="b">KRTS</subfield><subfield code="n">737914</subfield></datafield></record>